@misc{flaticonSafeDeposit,
	author = {https://www.facebook.com/flaticon},
	title = {{S}afe {D}eposit free icons designed by {F}reepik --- flaticon.com},
	howpublished = {\url{https://www.flaticon.com/free-icon/safe-deposit_3073524?term=safe&page=1&position=26&origin=search&related_id=3073524}},
	year = {},
	note = {[Accessed 25-AUG-2023]},
}

@misc{microbatteryEverythingNeed,
	author = {},
	title = {{E}verything {Y}ou {N}eed {T}o {K}now {A}bout {T}he {C}{R}2032 {B}attery --- microbattery.com},
	howpublished = {\url{https://www.microbattery.com/blog/post/battery-bios:-everything-you-need-to-know-about-the-cr2032-battery/}},
	year = {},
	note = {[Accessed 27-AUG-2023]},
}

@misc{lucidLucidVisual,
	author = {},
	title = {{L}ucid visual collaboration suite: {L}og in --- lucid.app},
	howpublished = {\url{https://lucid.app}},
	year = {},
	note = {[Accessed 09-SEP-2023]},
}

@misc{identityautomationTwoFactorAuthentication,
	author = {Kathleen Garska},
	title = {{T}wo-{F}actor {A}uthentication (2{F}{A}) {E}xplained: {B}iometric {A}uthentication --- blog.identityautomation.com},
	howpublished = {\url{https://blog.identityautomation.com/mfa-face-off-series-biometric-authentication}},
	year = {},
	note = {[Accessed 27-AUG-2023]},
}
